@string(RED="Review of Economic Dynamics")
@string(JME="Journal of Monetary Economics")
@string(JAE="Journal of Applied Econometrics")
@string(JEDC="Journal of Economic Dynamics and Control")
@string(AER="American Economic Review")
@string(JMCB="Journal of Money, Credit and Banking")
@string(RES="Review of Economics and Statistics");
@string(AEJM="American Economic Journal: Macroeconomics");

@unpublished{murray2011,
  author="James M. Murray",
  title="Learning with Judgment Shocks in U.S. Business Cycles",
  note="Working Paper",
  year=2011,
}

@unpublished{murray2011b,
  author="James M. Murray",
  title="Fiscal and Expenditure Multipliers When There are Adaptive Expectations",
  note="Working Paper",
  year=2011,
}

@unpublished{murray2010,
  author="James M. Murray",
  title="Regime Switching, Learning, and the Great Moderation",
  note="Working Paper",
  year=2010
}

@unpublished{slobodyan_wouters_2009,
  author="Sergey Slobodyan and Rafael Wouters",
  title="Learning in an Estimated Medium-Sized DSGE Model",
  note="CERGE-EI Working Papers WP396, The Center for Economic Research and Graduate Education - Economic Institute, Prague",
  year=2009
}

@article{smetswouters2005,
  author="Frank Smets and Rafael Wouters",
  title="Comparing shocks and frictions in US and euro area business cycles: a Bayesian DSGE Approach",
  journal="Journal of Applied Econometrics",
  volume=20,
  pages="161-183",
  year=2005
}

@article{smetswouters2007,
  author="Frank Smets and Rafael Wouters",
  title="Shocks and Frictions in US Business Cycles: A Bayesian DSGE Approach",
  journal=AER,
  volume=97,
  pages="586-606",
  year=2007
}

@article{ireland_tech_2004,
  author="Peter N. Ireland",
  title="Technology Shocks in the New Keynesian Model",
  journal=RES,
  volume=84,
  pages="923-936",
  year=2004
}

@article{ireland_greatrecession_2011,
  author="Peter N. Ireland",
  title="A New Keynesian Perspective on the Great Recession",
  journal=JMCB,
  volume=43,
  pages="31-54",
  year=2011
}

@unpublished{coenen17,
  author="G. Coenen and C. J. Erceg and C. Freedman and D. Furceri and M. Kumhof and R. Lalonde and D. Laxton and J. Linde and A. Mourougane and D. Muir and S. Mursula and C. de Resende and J. Roberts and W. Roeger and S. Snudden and M. Trabandt and J. in't Veld",
  title="Effects of fiscal stimulus in structural models",
  note="IMF Working Papers",
  year=2010
}


@article{thomas2008,
  title="Search and matching frictions and optimal monetary policy",
  author="Carlos Thomas",
  journal=JME,
  volume=55,
  pages="936-956",
  year=2008
}

@article{gst2008,
  title="An Estimated Monetary DSGE Model with Unemployment and Staggered Nominal Wage Bargaining",
  author="Mark Gertler and Luca Sala and Antonella Trigari",
  journal=JMCB,
  volume=40,
  pages="1713â€“1764",
  year=2008
}

@article{blanchard_gali2010,
  author="Oliver Blanchard and Jordan Gali",
  title="Labor Markets and Unemployment: A New Keynesian Model with Unemployment",
  journal=AEJM,
  volume=2,
  pages="1-30",
  year=2010
}

@unpublished{gsw2010,
  title="Unemployment in an Estimated New Keynesian Model",
  author="Jordi Gali and Frank Smets and Rafael Wouters",
  note="NBER Working Paper No. 17084",
  year=2010
}


@unpublished{evanshonka2008,
  author="George W. Evans and Seppo Honkapohja",
  title="Expectations, Learning and Monetary Policy: An Overview of Recent Research",
  note="Centre for Dynamic Macroeconomic Analysis Working Paper CDMA08/02",
  month="January",
  year=2008
}

@article{milani2007,
  author="Fabio Milani",
  title="Expectations, Learning and Macroeconomic Persistence",
  journal=JME,
  volume=54,
  issue=7,
  pages="2065-2082",
  year=2007
}

@article{milani2011,
  author="Fabio Milani",
  title="Expectations, Shocks, and Learning and Drivers of the Business Cycle",
  journal="Economic Journal",
  volume=121,
  pages="379-401",
  year=2011
}

@article{eusepi_preston_2011,
  author="Stefano Eusepi and Bruce Preston",
  title="Expectations, Learning and Business Cycle Fluctuations",
  journal=AER,
  volume=101,
  pages="2844-72",
  year=2011
}

@unpublished{slobodyan_wouters_2008,
  author="Sergey Slobodyan and Raf Wouters",
  title="Estimating a Medium-Scale DSGE Model with Expectations Based on Small Forecasting Models",
  note="Mimeo",
  year=2008
}

@article{ow2005,
  author="Athanasios Orphanides and John C. Williams",
  title="Inflation Scares and Forecast-Based Monetary Policy",
  journal=RED,
  volume=8,
  pages="498-527",
  year=2005
}

@article{ow2005b,
  author="Athanasios Orphanides and John C. Williams",
  title="Decline of Activist Stabilization Policy: Natural Rate Misperceptions, Learning, and Expectations",
  journal=JEDC,
  volume=29,
  pages="1927-1950",
  year=2005
}

@article{preston2005,
  author="Bruce Preston",
  title="Learning About Monetary Policy Rules when Long-Run Horizon Expectations Matter",
  journal="International Journal of Central Banking",
  volume=1,
  issue=2,
  pages="81-126",
  year=2005
}


@article{primiceri2006,
  author="Giorgio E. Primiceri",
  title="Why Inflation Rose and Fell: Policymakers' Beliefs and US Postwar Stabilization Policy",
  journal="Quarterly Journal of Economics",
  volume=121,
  pages="867-901",
  year=2006
}

@article{smetswouters2003,
  author="Frank Smets and Raf Wouters",
  title="An Estimated Stochastic Dynamic General Equilibrium Model of the Euro Area",
  journal="Journal of the European Economic Assocation",
  volume=1,
  pages="1123-1175",
  year=2003
}

